%% This BibTeX bibliography file was created using BibDesk.
%% https://bibdesk.sourceforge.io/

%% Created for Bharathwaj Palvannan at 2022-01-11 12:39:40 +0530 


%% Saved with string encoding Unicode (UTF-8) 



@incollection{MR1467997,
	author = {Sczech, Robert},
	number = {958},
	pages = {46--48},
	title = {Eisenstein cocycles for arithmetic groups and values of zeta functions},
	year = {1996}}

@inproceedings{MR522119,
	author = {Cassou-Nogu{\`e}s, Pierrette},
	booktitle = {Proceedings of the {C}onference on {$p$}-adic {A}nalysis ({N}ijmegen, 1978)},
	pages = {24--37},
	publisher = {Katholieke Univ., Nijmegen},
	series = {Report},
	title = {{$p$}-adic {$L$}-functions for totally real number field},
	volume = {7806},
	year = {1978}}

@article{MR524276,
	author = {Cassou-Nogu{\`e}s, Pierrette},
	journal = {Invent. Math.},
	number = {1},
	pages = {29--59},
	title = {Valeurs aux entiers n\'{e}gatifs des fonctions z\^{e}ta et fonctions z\^{e}ta {$p$}-adiques},
	volume = {51},
	year = {1979}}

@article{MR579702,
	author = {Deligne, Pierre and Ribet, Kenneth A.},
	journal = {Invent. Math.},
	number = {3},
	pages = {227--286},
	title = {Values of abelian {$L$}-functions at negative integers over totally real fields},
	volume = {59},
	year = {1980}}

@book{MR1216135,
	author = {Hida, Haruzo},
	publisher = {Cambridge University Press, Cambridge},
	series = {London Mathematical Society Student Texts},
	title = {Elementary theory of {$L$}-functions and {E}isenstein series},
	volume = {26},
	year = {1993}}

@article {MR1980994,
    AUTHOR = {Gunnells, Paul E. and Sczech, Robert},
     TITLE = {Evaluation of {D}edekind sums, {E}isenstein cocycles, and
              special values of {$L$}-functions},
   JOURNAL = {Duke Math. J.},
  FJOURNAL = {Duke Mathematical Journal},
    VOLUME = {118},
      YEAR = {2003},
    NUMBER = {2},
     PAGES = {229--260},
      ISSN = {0012-7094},
   MRCLASS = {11F20 (11F75 11R42)},
  MRNUMBER = {1980994},
MRREVIEWER = {Chandrashekhar Khare},
       DOI = {10.1215/S0012-7094-03-11822-0},
       URL = {https://doi.org/10.1215/S0012-7094-03-11822-0},
}

@incollection {MR1850609,
    AUTHOR = {Chinta, Gautam and Gunnells, Paul E. and Sczech, Robert},
     TITLE = {Computing special values of partial zeta functions},
 BOOKTITLE = {Algorithmic number theory ({L}eiden, 2000)},
    SERIES = {Lecture Notes in Comput. Sci.},
    VOLUME = {1838},
     PAGES = {247--256},
 PUBLISHER = {Springer, Berlin},
      YEAR = {2000},
   MRCLASS = {11R42 (11Y40)},
  MRNUMBER = {1850609},
MRREVIEWER = {Joe P. Buhler},
       DOI = {10.1007/10722028\_13},
       URL = {https://doi.org/10.1007/10722028_13},
}


@article {MR3526308,
    AUTHOR = {Charollois, Pierre and Sczech, Robert},
     TITLE = {Elliptic functions according to {E}isenstein and {K}ronecker:
              an update},
   JOURNAL = {Eur. Math. Soc. Newsl.},
  FJOURNAL = {European Mathematical Society. Newsletter},
    NUMBER = {101},
      YEAR = {2016},
     PAGES = {8--14},
      ISSN = {1027-488X},
   MRCLASS = {01A55},
  MRNUMBER = {3526308},
       DOI = {10.4171/news/101/4},
       URL = {https://doi.org/10.4171/news/101/4},
}

@article{MR427231,
	author = {Shintani, Takuro},
	journal = {J. Fac. Sci. Univ. Tokyo Sect. IA Math.},
	number = {2},
	pages = {393--417},
	title = {On evaluation of zeta functions of totally real algebraic number fields at non-positive integers},
	volume = {23},
	year = {1976}}

@article {MR1171300,
    AUTHOR = {Sczech, Robert},
     TITLE = {Eisenstein cocycles for {${\rm GL}_2{\bf Q}$} and values of
              {$L$}-functions in real quadratic fields},
   JOURNAL = {Comment. Math. Helv.},
  FJOURNAL = {Commentarii Mathematici Helvetici},
    VOLUME = {67},
      YEAR = {1992},
    NUMBER = {3},
     PAGES = {363--382},
      ISSN = {0010-2571},
   MRCLASS = {11F67 (11F20 11F75)},
  MRNUMBER = {1171300},
MRREVIEWER = {J\"{u}rgen Rohlfs},
       DOI = {10.1007/BF02566508},
       URL = {https://doi.org/10.1007/BF02566508},
}

@article{MR1231838,
	author = {Sczech, Robert},
	journal = {Invent. Math.},
	number = {3},
	pages = {581--616},
	title = {Eisenstein group cocycles for {${\mathrm GL}_n$} and values of {$L$}-functions},
	volume = {113},
	year = {1993}}

@article{MR3272012,
	author = {Charollois, Pierre and Dasgupta, Samit},
	journal = {Camb. J. Math.},
	number = {1},
	pages = {49--90},
	title = {Integral {E}isenstein cocycles on {${\mathbf GL}_n$}, {I}: {S}czech's cocycle and {$p$}-adic {$L$}-functions of totally real fields},
	volume = {2},
	year = {2014}}
